
@book{shakespeareHamlet1985,
  location = {{Cambridge}},
  title = {Hamlet},
  isbn = {978-0-521-29366-2},
  series = {New {{Cambridge Shakespeare}}},
  publisher = {{Cambridge University Press}},
  date = {1985},
  author = {Shakespeare, William}
}

@book{xie2015,
  location = {{Boca Raton, Florida}},
  title = {Dynamic Documents with {{R}} and Knitr},
  edition = {2nd},
  isbn = {978-149871696},
  url = {http://yihui.name/knitr/},
  publisher = {{Chapman and Hall/CRC}},
  date = {2015},
  author = {Xie, Yihui}
}

@book{carrollLookingGlass1999,
  title = {Through the {{Looking Glass}}},
  isbn = {978-0-486-40878-1},
  series = {Dover {{Thrift Editions}}},
  publisher = {{Dover}},
  date = {1999},
  author = {Carroll, Lewis}
}

@book{lentPatterningInstinct2017,
  location = {{Amherst, NY}},
  title = {The {{Patterning Instinct}}},
  isbn = {978-1-63388-293-5},
  publisher = {{Prometheus Books}},
  date = {2017},
  author = {Lent, Jeremy}
}


